<?xml version="1.0" encoding="UTF-8"?>
<record xmlns="http://www.loc.gov/MARC21/slim">
   <leader>01817cam a2200361 a 4500</leader>
   <controlfield tag="001">4252668</controlfield>
   <controlfield tag="003">NjP</controlfield>
   <controlfield tag="005">20190705145026.0</controlfield>
   <controlfield tag="008">041008s1984    ir            000 0 ara d</controlfield>
   <datafield tag="024" ind1="7" ind2=" ">
      <subfield code="a">princeton_aco003732</subfield>
      <subfield code="2">local</subfield>
   </datafield>
   <datafield ind1=" " ind2=" " tag="040">
      <subfield code="a">NjP</subfield>
      <subfield code="c">PUL</subfield>
      <subfield code="d">PUL</subfield>
   </datafield>
   <datafield ind1=" " ind2=" " tag="035">
      <subfield code="a">(NjP)4252668</subfield>
   </datafield>
   <datafield ind1=" " ind2="4" tag="050">
      <subfield code="a">KBP350</subfield>
      <subfield code="b">.S527 1984</subfield>
   </datafield>
   <datafield ind1=" " ind2=" " tag="049">
      <subfield code="a">PULL</subfield>
   </datafield>
   <datafield ind1=" " ind2=" " tag="035">
      <subfield code="a">(OCoLC)ocm84662542</subfield>
   </datafield>
   <datafield ind1="1" ind2=" " tag="100">
      <subfield code="6">880-01</subfield>
      <subfield code="a">Sharīf al-Kāshānī, Ḥabīb Allāh,</subfield>
      <subfield code="d">d. 1921 or 2.</subfield>
   </datafield>
   <datafield ind1="1" ind2="0" tag="240">
      <subfield code="6">880-02</subfield>
      <subfield code="a">Mustaqṣá madārik al-qawāʻid</subfield>
   </datafield>
   <datafield ind1="1" ind2="0" tag="245">
      <subfield code="6">880-03</subfield>
      <subfield code="a">Kitāb Mustaqṣá madārik al-qawāʻid /</subfield>
      <subfield code="c">min taʼlīfāt Ḥabīb Allāh al-Sharīf al-Kāshānī.</subfield>
   </datafield>
   <datafield ind1="3" ind2="0" tag="246">
      <subfield code="6">880-04</subfield>
      <subfield code="a">Mustaqṣá madārik al-qawāʻid</subfield>
   </datafield>
   <datafield ind1="3" ind2="1" tag="246">
      <subfield code="6">880-05</subfield>
      <subfield code="a">Tasʹhīl al-masālik ilá al-madārik fī ruʼūs al-qawāʻid al-fiqhīyah</subfield>
   </datafield>
   <datafield ind1=" " ind2=" " tag="260">
      <subfield code="6">880-06</subfield>
      <subfield code="a">Qum :</subfield>
      <subfield code="b">Maṭbaʻat al-ʻIlmīyah,</subfield>
      <subfield code="c">1404 [1984]</subfield>
   </datafield>
   <datafield ind1=" " ind2=" " tag="300">
      <subfield code="a">40, 287 p. :</subfield>
      <subfield code="b">ill. ;</subfield>
      <subfield code="c">22 cm.</subfield>
   </datafield>
   <datafield ind1=" " ind2="0" tag="650">
      <subfield code="a">Islamic law</subfield>
      <subfield code="x">Interpretation and construction.</subfield>
      <subfield code="0">http://id.loc.gov/authorities/subjects/sh85068455</subfield>
   </datafield>
   <datafield ind1=" " ind2="0" tag="650">
      <subfield code="a">Shīʻah</subfield>
      <subfield code="x">Doctrines.</subfield>
      <subfield code="0">http://id.loc.gov/authorities/subjects/sh85121391</subfield>
   </datafield>
   <datafield ind1=" " ind2="0" tag="650">
      <subfield code="a">Islam</subfield>
      <subfield code="x">Doctrines.</subfield>
      <subfield code="0">http://id.loc.gov/authorities/subjects/sh85068396</subfield>
   </datafield>
   <datafield ind1="1" ind2=" " tag="880">
      <subfield code="6">100-01/r</subfield>
      <subfield code="a">شريف الكاشاني، حبيب الله،</subfield>
      <subfield code="d">d. 1921 or 2.</subfield>
   </datafield>
   <datafield ind1="1" ind2="0" tag="880">
      <subfield code="6">240-02/r</subfield>
      <subfield code="a">مستقصى مدارك القواعد</subfield>
   </datafield>
   <datafield ind1="1" ind2="0" tag="880">
      <subfield code="6">245-03/r</subfield>
      <subfield code="a">كتاب مستقصى مدارك القواعد /</subfield>
      <subfield code="c">من تأليفات حبيب الله الشريف الكاشاني.</subfield>
   </datafield>
   <datafield ind1="3" ind2="0" tag="880">
      <subfield code="6">246-04/r</subfield>
      <subfield code="a">مستقصى مدارك القواعد</subfield>
   </datafield>
   <datafield ind1="3" ind2="1" tag="880">
      <subfield code="6">246-05/r</subfield>
      <subfield code="a">تسهيل المسالك الى المدارك في رؤوس القواعد الفقهية</subfield>
   </datafield>
   <datafield ind1=" " ind2=" " tag="880">
      <subfield code="6">260-06/r</subfield>
      <subfield code="a">قم :</subfield>
      <subfield code="b">مطبعة العلمية،</subfield>
      <subfield code="c">1404 [1984]</subfield>
   </datafield>
   <datafield ind1=" " ind2=" " tag="904">
      <subfield code="a">mnc</subfield>
      <subfield code="b">a</subfield>
      <subfield code="h">n</subfield>
      <subfield code="c">b</subfield>
      <subfield code="e">20041008</subfield>
   </datafield>
   <datafield ind1=" " ind2=" " tag="994">
      <subfield code="a">C0</subfield>
      <subfield code="b">PUL</subfield>
   </datafield>
   <datafield ind1=" " ind2=" " tag="999">
      <subfield code="a">4252668</subfield>
   </datafield>
   <datafield ind1=" " ind2=" " tag="979">
      <subfield code="a">(OCoLC)ocn178609197</subfield>
   </datafield>
   <datafield ind1="0" ind2=" " tag="852">
      <subfield code="0">4513262</subfield>
      <subfield code="b">rcppa</subfield>
      <subfield code="h">KBP350</subfield>
      <subfield code="i">.S527 1984</subfield>
      <subfield code="x">tr fr arab</subfield>
   </datafield>
   <datafield ind1=" " ind2=" " tag="959">
      <subfield code="a">2004-10-08 14:16:31 -0400</subfield>
   </datafield>
</record>
